@article{ walkup,
    author = "D. W. Walkup",
    title = "Covering a Rectangle with T-Tetrominos",
    journal = "The American Mathematical Monthly",
    volume = 72,
    number = 9,
    month = Nov,
    year = 1965
}

@article{ zhan,
    author = "Shuxin Zhan",
    title = "Tiling a deficient rectangle with T-Tetrominos",
    year = 2012
}

@article{ hochberg,
    author = "Robert Hochberg",
    title = "The Gap number of the T-Tetromino",
    archivePrefix = "arXiv",
    eprint        = "1403.6730v2",
    primaryClass  = "math.CO",
    year = 2014
}

@misc{ oeis,
   title = {Sequence A256535 of the Online Encyclopedia of Integer Sequences},
   howpublished = {\url{http://oeis.org/A256535}},
   author = {Jack Grahl},
   year = 2015
}
